@inproceedings{levenshtein1966binary,
  title={Binary codes capable of correcting deletions, insertions, and reversals},
  author={Levenshtein, Vladimir I},
  booktitle={Soviet physics doklady},
  volume={10},
  number={8},
  pages={707--710},
  year={1966}
}

@article{damerau1964technique,
  title={A technique for computer detection and correction of spelling errors},
  author={Damerau, Fred J},
  journal={Communications of the ACM},
  volume={7},
  number={3},
  pages={171--176},
  year={1964},
  publisher={ACM}
}

@INPROCEEDINGS{Snover06astudy,
    author = {Matthew Snover and Bonnie Dorr and Richard Schwartz and Linnea Micciulla and John Makhoul},
    title = {A study of translation edit rate with targeted human annotation},
    booktitle = {In Proceedings of Association for Machine Translation in the Americas},
    year = {2006},
    pages = {223--231}
}


@inproceedings{moses,
  title={Moses: Open source toolkit for statistical machine translation},
  author={Koehn, Philipp and Hoang, Hieu and Birch, Alexandra and Callison-Burch, Chris and Federico, Marcello and Bertoldi, Nicola and Cowan, Brooke and Shen, Wade and Moran, Christine and Zens, Richard and others},
  booktitle={Proceedings of the 45th annual meeting of the ACL on interactive poster and demonstration sessions},
  pages={177--180},
  year={2007},
  organization={Association for Computational Linguistics}
}

@inproceedings{bleu,
  title={BLEU: a method for automatic evaluation of machine translation},
  author={Papineni, Kishore and Roukos, Salim and Ward, Todd and Zhu, Wei-Jing},
  booktitle={Proceedings of the 40th annual meeting on association for computational linguistics},
  pages={311--318},
  year={2002},
  organization={Association for Computational Linguistics}
}

@book{MT_intro_hutchins1992,
  title={An introduction to machine translation},
  author={Hutchins, William John and Somers, Harold L},
  volume={362},
  year={1992},
  publisher={Academic Press London}
}

@article{kotsiantis2007supervised,
  title={Supervised machine learning: A review of classification techniques},
  author={Kotsiantis, Sotiris B and Zaharakis, I and Pintelas, P},
  journal={Emerging artificial intelligence applications in computer engineering},
  volume={160},
  pages={3--24},
  year={2007}
}

@article{Koehn_NMT2017,
  author    = {Philipp Koehn},
  title     = {Neural Machine Translation},
  journal   = {CoRR},
  volume    = {abs/1709.07809},
  year      = {2017},
  url       = {http://arxiv.org/abs/1709.07809},
  archivePrefix = {arXiv},
  eprint    = {1709.07809},
  timestamp = {Thu, 05 Oct 2017 09:43:03 +0200},
  biburl    = {http://dblp.org/rec/bib/journals/corr/abs-1709-07809},
  bibsource = {dblp computer science bibliography, http://dblp.org}
}

@article{cho2014properties,
  title={On the properties of neural machine translation: Encoder-decoder approaches},
  author={Cho, Kyunghyun and Van Merri{\"e}nboer, Bart and Bahdanau, Dzmitry and Bengio, Yoshua},
  journal={arXiv preprint arXiv:1409.1259},
  year={2014}
}

@article{cho2014learning,
  title={Learning phrase representations using RNN encoder-decoder for statistical machine translation},
  author={Cho, Kyunghyun and Van Merri{\"e}nboer, Bart and Gulcehre, Caglar and Bahdanau, Dzmitry and Bougares, Fethi and Schwenk, Holger and Bengio, Yoshua},
  journal={arXiv preprint arXiv:1406.1078},
  year={2014}
}

@article{bahdanau2014neural,
  title={Neural machine translation by jointly learning to align and translate},
  author={Bahdanau, Dzmitry and Cho, Kyunghyun and Bengio, Yoshua},
  journal={arXiv preprint arXiv:1409.0473},
  year={2014}
}

@book{koehn2009statistical,
  title={Statistical machine translation},
  author={Koehn, Philipp},
  year={2009},
  publisher={Cambridge University Press}
}

@inproceedings{lamb2014POS,
  title={Developing an automatic part-of-speech tagger for scottish gaelic},
  author={Lamb, William and Danso, Samuel},
  booktitle={Proceedings of the First Celtic Language Technology Workshop},
  pages={1--5},
  year={2014}
}

@article{lamb_word_embedding,
  title={Developing Word Embedding Models for Scottish Gaelic},
  author={Lamb, William and Sinclair, Mark},
  journal={PARIS Inalco du 4 au 8 juillet 2016},
  pages={31},
  year={2016}
}

@article{Irish,
  title={Developing high-end reusable tools and resources for Irish-language terminology, lexicography, onomastics (toponymy), folkloristics, and more, using modern web and database technologies},
  author={Raghallaigh, Brian O and M{\v{e}}chura, Michal Boleslav},
  journal={CLTW 2014},
  pages={66},
  year={2014}
}

@article{2017opennmt,
  author    = {Guillaume Klein and
               Yoon Kim and
               Yuntian Deng and
               Jean Senellart and
               Alexander M. Rush},
  title     = {OpenNMT: Open-Source Toolkit for Neural Machine Translation},
  journal   = {CoRR},
  volume    = {abs/1701.02810},
  year      = {2017},
  url       = {http://arxiv.org/abs/1701.02810},
  archivePrefix = {arXiv},
  eprint    = {1701.02810},
  timestamp = {Wed, 07 Jun 2017 14:40:43 +0200},
  biburl    = {http://dblp.org/rec/bib/journals/corr/KleinKDSR17},
  bibsource = {dblp computer science bibliography, http://dblp.org}
}

@book{NLTKBird:2009:NLP:1717171,
 author = {Bird, Steven and Klein, Ewan and Loper, Edward},
 title = {Natural Language Processing with Python},
 year = {2009},
 isbn = {0596516495, 9780596516499},
 edition = {1st},
 publisher = {O'Reilly Media, Inc.},
} 

@article{kupiec1992robust,
  title={Robust part-of-speech tagging using a hidden Markov model},
  author={Kupiec, Julian},
  journal={Computer Speech \& Language},
  volume={6},
  number={3},
  pages={225--242},
  year={1992},
  publisher={Elsevier}
}

@inproceedings{IGTbow2003towards,
  title={Towards a general model of interlinear text},
  author={Bow, Cathy and Hughes, Baden and Bird, Steven},
  booktitle={Proceedings of EMELD workshop},
  pages={11--13},
  year={2003}
}

@inproceedings{tiedemann2004opus,
  title={The OPUS Corpus-Parallel and Free: http://logos. uio. no/opus.},
  author={Tiedemann, J{\"o}rg and Nygaard, Lars},
  booktitle={LREC},
  year={2004}
}

@article{goodman2015xigt,
  title={Xigt: extensible interlinear glossed text for natural language processing},
  author={Goodman, Michael Wayne and Crowgey, Joshua and Xia, Fei and Bender, Emily M},
  journal={Language Resources and Evaluation},
  volume={49},
  number={2},
  pages={455--485},
  year={2015},
  publisher={Springer}
}

@article{ODIN,
author = {Lewis, William D. and Xia, Fei},
title = {Developing ODIN: A Multilingual Repository of Annotated Language Data for Hundreds of the World's Languages},
journal = {Literary and Linguistic Computing},
volume = {25},
number = {3},
pages = {303-319},
year = {2010},
doi = {10.1093/llc/fqq006},
URL = { + http://dx.doi.org/10.1093/llc/fqq006},
eprint = {/oup/backfile/content_public/journal/dsh/25/3/10.1093/llc/fqq006/2/fqq006.pdf}
}

@Article{Xia2016,
author="Xia, Fei
and Lewis, William D.
and Goodman, Michael Wayne
and Slayden, Glenn
and Georgi, Ryan
and Crowgey, Joshua
and Bender, Emily M.",
title="Enriching a massively multilingual database of interlinear glossed text",
journal="Language Resources and Evaluation",
year="2016",
month="Jun",
day="01",
volume="50",
number="2",
pages="321--349",
abstract="The majority of the world's languages have little to no NLP resources or tools. This is due to a lack of training data (``resources'') over which tools, such as taggers or parsers, can be trained. In recent years, there have been increasing efforts to apply NLP methods to a much broader swath of the world's languages. In many cases this involves bootstrapping the learning process with enriched or partially enriched resources. We propose that Interlinear Glossed Text (IGT), a very common form of annotated data used in the field of linguistics, has great potential for bootstrapping NLP tools for resource-poor languages. Although IGT is generally very richly annotated, and can be enriched even further (e.g., through structural projection), much of the content is not easily consumable by machines since it remains ``trapped'' in linguistic scholarly documents and in human readable form. In this paper, we describe the expansion of the ODIN resource---a database containing many thousands of instances of IGT for over a thousand languages. We enrich the original IGT data by adding word alignment and syntactic structure. To make the data in ODIN more readily consumable by tool developers and NLP researchers, we adopt and extend a new XML format for IGT, called Xigt. We also develop two packages for manipulating IGT data: one, INTENT, enriches raw IGT automatically, and the other, XigtEdit, is a graphical IGT editor.",
issn="1574-0218",
doi="10.1007/s10579-015-9325-4",
url="https://doi.org/10.1007/s10579-015-9325-4"
}



@article{bickel2008leipzig,
  title={The Leipzig Glossing Rules. Conventions for interlinear morpheme by morpheme glosses},
  author={Bickel, Balthasar and Comrie, Bernard and Haspelmath, Martin},
  journal={Revised version of February},
  year={2008}
}

@article{pater2017generative,
  title={Generative linguistics and neural networks at 60: foundation, friction, and fusion},
  author={Pater, Joe},
  year={2017}
}

@article{greenwade93,
    author  = "George D. Greenwade",
    title   = "The {C}omprehensive {T}ex {A}rchive {N}etwork ({CTAN})",
    year    = "1993",
    journal = "TUGBoat",
    volume  = "14",
    number  = "3",
    pages   = "342--351"
}

@book{smith2017introducing,
  title={Introducing Language and Cognition: A Map of the Mind},
  author={Smith, M.S.},
  isbn={9781316889398},
  url={https://books.google.com/books?id=EsXeDQAAQBAJ},
  year={2017},
  publisher={Cambridge University Press}
}

@Article{sample_ref,
  author = 	 {Fake Author1 and Imaginary Author2},
  title = 	 {Artificial generation of titles for research reports},
  journal =  {Journal of Imaginary Research},
  year = 	 {2002},
  volume = 	 {i},
  pages = 	 {1-2},
}

@online{Carnie,
  author = {Andrew Carnie},
  title = {The Arizona Scottish Gaelic Syntax Project},
  year = 2009,
  url = {http://www.dingo.sbs.arizona.edu/~gaelic/},
  urldate = {2016-11-13}
}

@book{Chomsky_1995, place={Cambridge, MA}, title={The minimalist program}, publisher={The MIT Press}, author={Chomsky, Noam}, year={1995}}
@book{why_only_us,
author={Berwick,Robert C. and Chomsky,Noam},
year={2016},
title={Why only us: language and evolution},
publisher={The MIT Press},
address={Cambridge, MA},
keywords={Psycholinguistics; Minimalist theory (Linguistics); Biolinguistics; Language acquisition; Human evolution; Psychological aspects},
isbn={9780262333351;9780262333368;0262333368;026233335X;},
language={English},
}
@incollection{chomsky2004,
  added-at = {2007-04-27T11:48:01.000+0200},
  author = {Chomsky, Noam},
  biburl = {http://www.bibsonomy.org/bibtex/236f6cb5473b4b8cc68d34304eabb1bcb/joostkremers},
  booktitle = {Structures and Beyond},
  crossref = {belletti2004},
  editor = {Belletti, Adriana},
  interhash = {d7bf7f80bc3defdd238152d19a008807},
  intrahash = {36f6cb5473b4b8cc68d34304eabb1bcb},
  keywords = {imported},
  publisher = {Oxford: Oxford University Press},
  timestamp = {2007-04-27T11:48:02.000+0200},
  title = {Beyond explanatory adequacy},
  year = 2004
}
@incollection{chomsky2007,
  title = {Approaching UG from Below},
  author = {Chomsky, Noam},
  booktitle={Interfaces + Recursion = Language?: Chomsky's Minimalism and the View from Syntax-Semantics},
  editor={Sauerland, U. and Gartner, H.M.},
  isbn={9783110207552},
  series={Studies in Generative Grammar [SGG]},
  year={2007},
  pages={1-29},
  publisher={De Gruyter}
}
@incollection{chomsky2008,
  author = {Chomsky, Noam},
  title = {On phases},
  title={Foundational Issues in Linguistic Theory: Essays in Honor of Jean-Roger Vergnaud},
  editor={Vergnaud, J.R. and Freidin, R. and Otero, C.P. and Zubizarreta, M.L.},
  isbn={9780262562331},
  lccn={2007041007},
  series={Current studies in linguistics series},
  pages={113-166},
  year={2008},
  publisher={MIT Press}
}
@article{chomsky2013,
author={Chomsky,Noam},
year={2013},
title={Problems of Projection},
journal={Lingua: International Review of General Linguistics},
volume={130},
pages={33},
abstract={a* Merge applies in its simplest form. a* Minimal search makes use of structural rather than linear distance. a* Labels are required for interpretation at the interfaces. a* Labels are assigned by a minimal search algorithm LA applying to syntactic objects.},
keywords={syntactic labels; syntactic derivation; universal grammar; syntax; language; minimalist program; Algorithms},
isbn={0024-3841},
language={English},
}

@incollection{boec,
author={Boeckx,Cedric},
year={2010},
title={A Tale of Two Minimalisms: Reflections on the Plausibility of Crash-Proof Syntax, and Its Free-Merge Alternative},
pages={105-123},
keywords={feature checking; syntax; merge rule; agreement; language},
isbn={9789027288011;9027288011;9789027208200;9027208204;},
language={English},
editor={Putnam,Michael T.},
year={2010},
booktitle={Exploring crash-proof grammars},
publisher={John Benjamins Pub. Company},
address={Amsterdam;Philadelphia;}
}

@incollection{ott,
author={Ott, Dennis},
year={2010},
title={ Grammaticality, interfaces, and UG},
pages={84-104},
keywords={feature checking; syntax; merge rule; agreement; language},
isbn={9789027288011;9027288011;9789027208200;9027208204;},
language={English},
editor={Putnam,Michael T.},
year={2010},
booktitle={Exploring crash-proof grammars},
publisher={John Benjamins Pub. Company},
address={Amsterdam;Philadelphia;}
}


 @misc{fong_ginsburg_2015, title={Minimalist Machine}, url={http://elmo.sbs.arizona.edu/sandiway/mpp/mm.html}, journal={Minimalist Machine}, author={Fong, Sandiway and Ginsburg, Jason}, year={2015}} 

 @techreport{brown,
  added-at = {2008-02-29T17:14:20.000+0100},
  author = {Francis, W. N. and Kucera, H.},
  biburl = {https://www.bibsonomy.org/bibtex/260bb0c74c2ecced0632393e47eb64f48/sb3000},
  institution = {Department of Linguistics, Brown University, Providence, Rhode Island, US},
  interhash = {119c367841941ad1a8f0db35d9f1c0b9},
  intrahash = {60bb0c74c2ecced0632393e47eb64f48},
  keywords = {corpus linguistics text-mining},
  timestamp = {2008-02-29T17:14:20.000+0100},
  title = {Brown Corpus Manual},
  url = {http://icame.uib.no/brown/bcm.html},
  year = 1979
}


@book{crash_proof_dis,
author={Putnam,Michael T.},
year={2010},
title={Exploring crash-proof grammars},
publisher={John Benjamins Pub. Company},
address={Amsterdam;Philadelphia;},
volume={3;3.;},
keywords={Syntax; Grammar, Comparative and general; Minimalist theory (Linguistics); Generative grammar},
isbn={9027208204;9027288011;9789027288011;9789027208200;},
language={English},
}


@incollection{def_crash_proof,
title = {Crash-Proof Syntax},
author = {Frampton, John and Gutmann, Sam},
editor = {Epstein,Samuel D. and Seely,T. D},
publisher = {Blackwell Publishing},
isbn = {9780470755662},
url = {http://dx.doi.org/10.1002/9780470755662.ch5},
doi = {10.1002/9780470755662.ch5},
pages = {90--105},
keywords = {crash-proof syntax1, constrained operations, free generation, filtering, representational theory},
booktitle = {Derivation and Explanation in the Minimalist Program},
year = {2008},
}

@incollection{Stroik,
author={Stroik,Thomas},
year={2009},
title={The Numeration in Survive-Minimalism},
booktitle={Towards A Derivational Syntax: Survive-minimalism},
editor={Putnam,Michael T.},
abstract={This paper argues that the computational system of Human Language requires a Numeration; however, the Numeration must be compiled throughout a syntactic derivation & not selected prior to the derivation. The consequence of having a derivationally built Numeration is that the Numeration becomes the domain for both the Merge & Remerge operations, thereby obviating the need for the Internal Merge operation. Furthermore, having a derivationally built Numeration makes it possible to design a crash-proof syntax along the lines developed in Stroik's (2009) Survive-minimalism. Adapted from the source document},
keywords={Minimalist Program; Grammar Lexicon Relationship; Syntax; Syntax Phonology Relationship; Well Formedness; Feature Checking; bookitem; Syntactic Features},
isbn={902725527X;9789027255273;},
language={English},
pages={21-38}
}

@misc{mccarthy1954language,
  title={Language development in children. Manual of child psychology, ed. by L. Carmichael, 492-630},
  author={McCarthy, Dorothea},
  year={1954},
  publisher={New York: Wiley}
}

@article{ingram1974relationship,
  title={The relationship between comprehension and production.},
  author={Ingram, David},
  year={1974},
  publisher={University Park Press}
}

@article{chom2005_three_factors,
author = { Noam Chomsky },
title = {Three Factors in Language Design},
journal = {Linguistic Inquiry},
volume = {36},
number = {1},
pages = {1-22},
year = {2005},
doi = {10.1162/0024389052993655},

URL = { 
        https://doi.org/10.1162/0024389052993655
    
},
eprint = { 
        https://doi.org/10.1162/0024389052993655
    }
}


@book{smith2017introducing,
  title={Introducing Language and Cognition: A Map of the Mind},
  author={Smith, M.S.},
  isbn={9781316889398},
  url={https://books.google.com/books?id=EsXeDQAAQBAJ},
  year={2017},
  publisher={Cambridge University Press}
}

@article{automatic_glosser,
  title={Automatic interlinear glossing as two-level sequence classification},
  author={Samard{\v{z}}ic, Tanja and Schikowski, Robert and Stoll, Sabine},
  journal={LaTeCH 2015},
  pages={68},
  year={2015}
}


